<record><leader>00000cas a2200000 a 4500</leader><controlfield tag="001">767741167</controlfield><controlfield tag="006">m     o  d        </controlfield><controlfield tag="007">cr |||||||||||</controlfield><controlfield tag="008">111207d19751977vauwr neo     0    0eng c</controlfield><datafield ind1=" " ind2=" " tag="010"><subfield code="a">  2011263311</subfield></datafield><datafield ind1=" " ind2=" " tag="040"><subfield code="a">TXA</subfield><subfield code="b">eng</subfield><subfield code="c">TXA</subfield><subfield code="d">TXA</subfield><subfield code="d">OCLCQ</subfield><subfield code="d">OCLCF</subfield><subfield code="d">OCLCO</subfield></datafield><datafield ind1=" " ind2=" " tag="042"><subfield code="a">pcc</subfield></datafield><datafield ind1=" " ind2=" " tag="043"><subfield code="a">n-us-va</subfield></datafield><datafield ind1=" " ind2=" " tag="090"><subfield code="a">F234.N8</subfield><subfield code="b">J65</subfield></datafield><datafield ind1="0" ind2=" " tag="130"><subfield code="a">New journal and guide (Norfolk, Va. : 1975)</subfield></datafield><datafield ind1="1" ind2="4" tag="245"><subfield code="a">The new journal and guide</subfield><subfield code="h">[electronic resource].</subfield></datafield><datafield ind1=" " ind2=" " tag="260"><subfield code="a">Norfolk, Va. :</subfield><subfield code="b">Guide Pub. Co.,</subfield><subfield code="c">1975-1977.</subfield></datafield><datafield ind1=" " ind2=" " tag="310"><subfield code="a">Weekly</subfield></datafield><datafield ind1="1" ind2=" " tag="362"><subfield code="a">Began with: Vol. 76, no. 10 (Mar. 8, 1975); ceased with: Vol. 78, no. 13 (Mar. 26, 1977).</subfield></datafield><datafield ind1=" " ind2=" " tag="588"><subfield code="a">Description based on: Vol. 76, no. 10 (Mar. 8, 1975); title from PDF banner (ProQuest, viewed Dec. 7, 2011).</subfield></datafield><datafield ind1=" " ind2=" " tag="588"><subfield code="a">Latest issue consulted: Vol. 78, no. 13 (Mar. 26, 1977) (ProQuest, viewed Dec. 7, 2011).</subfield></datafield><datafield ind1=" " ind2="0" tag="650"><subfield code="a">African Americans</subfield><subfield code="z">Virginia</subfield><subfield code="v">Newspapers.</subfield></datafield><datafield ind1=" " ind2="0" tag="650"><subfield code="a">African American newspapers</subfield><subfield code="z">Virginia.</subfield></datafield><datafield ind1=" " ind2="0" tag="651"><subfield code="a">Norfolk (Va.)</subfield><subfield code="v">Newspapers.</subfield></datafield><datafield ind1=" " ind2="7" tag="655"><subfield code="a">Newspapers.</subfield><subfield code="2">fast</subfield><subfield code="0">(OCoLC)fst01423814</subfield></datafield><datafield ind1=" " ind2="7" tag="650"><subfield code="a">African American newspapers.</subfield><subfield code="2">fast</subfield><subfield code="0">(OCoLC)fst00799278</subfield></datafield><datafield ind1=" " ind2="7" tag="650"><subfield code="a">African Americans.</subfield><subfield code="2">fast</subfield><subfield code="0">(OCoLC)fst00799558</subfield></datafield><datafield ind1=" " ind2="7" tag="651"><subfield code="a">Virginia.</subfield><subfield code="2">fast</subfield><subfield code="0">(OCoLC)fst01204597</subfield></datafield><datafield ind1=" " ind2="7" tag="651"><subfield code="a">Virginia</subfield><subfield code="z">Norfolk.</subfield><subfield code="2">fast</subfield><subfield code="0">(OCoLC)fst01206844</subfield></datafield><datafield ind1=" " ind2=" " tag="752"><subfield code="a">United States</subfield><subfield code="b">Virginia</subfield><subfield code="d">Norfolk.</subfield></datafield><datafield ind1="0" ind2="8" tag="776"><subfield code="i">Also issued in print:</subfield><subfield code="t">New journal and guide (Norfolk, Va. : 1975)</subfield><subfield code="w">(DLC)sn 83045260</subfield><subfield code="w">(OCoLC)9574210</subfield></datafield><datafield ind1="0" ind2="0" tag="780"><subfield code="t">Journal and guide (Norfolk, Va. : Metro ed.)</subfield><subfield code="w">(DLC)  2011263312</subfield><subfield code="w">(OCoLC)767746090</subfield></datafield><datafield ind1="0" ind2="0" tag="785"><subfield code="t">Journal and guide (Norfolk, Va. : 1977)</subfield><subfield code="w">(DLC)  2011263310</subfield><subfield code="w">(OCoLC)767741344</subfield></datafield><datafield ind1="4" ind2="0" tag="856"><subfield code="u">http://search.proquest.com/hnpnorfolkjournalguide</subfield></datafield></record>